<record><leader>00000cas a22000007a 4500</leader><controlfield tag="001">24435704</controlfield><controlfield tag="008">910923d19451945mouwr ne      0    0eng d</controlfield><controlfield tag="009">9538</controlfield><datafield ind1=" " ind2=" " tag="010"><subfield code="a">sn 91061160 </subfield></datafield><datafield ind1=" " ind2=" " tag="040"><subfield code="a">MQN</subfield><subfield code="b">eng</subfield><subfield code="c">MQN</subfield></datafield><datafield ind1=" " ind2=" " tag="042"><subfield code="a">msc</subfield></datafield><datafield ind1="0" ind2="0" tag="245"><subfield code="a">Bar room bugle.</subfield></datafield><datafield ind1=" " ind2=" " tag="260"><subfield code="a">[St. Louis, Mo. :</subfield><subfield code="b">Don L. Fanetti,]</subfield><subfield code="c">1945.</subfield></datafield><datafield ind1=" " ind2=" " tag="300"><subfield code="a">v.</subfield></datafield><datafield ind1=" " ind2=" " tag="310"><subfield code="a">Weekly</subfield></datafield><datafield ind1="0" ind2=" " tag="362"><subfield code="a">Vol. 1, no. 1 (Nov. 18, 1945)-v. 1, no. 3 (Dec. 1, 1945).</subfield></datafield><datafield ind1=" " ind2=" " tag="752"><subfield code="a">United States</subfield><subfield code="b">Missouri</subfield><subfield code="d">Saint Louis.</subfield></datafield><datafield ind1="0" ind2="0" tag="785"><subfield code="t">Bugle (Saint Louis, Mo.)</subfield><subfield code="w">(DLC)sn 89067355</subfield></datafield></record>